@techreport{davis1999overview,
  title={Overview of the Ptolemy project},
  author={Davis II, J and Goel, Mudit and Hylands, Chirstopher and Kienhuis, Bart and Lee, Edward A and Liu, Jie and Liu, Xiaojun and Muliadi, Lukito and Neuendorffer, Steve and Reekie, John and others},
  year={1999},
  institution={ERL Technical Report UCB/ERL}
}

@article{watteyne2012openwsn,
  title={OpenWSN: a standards-based low-power wireless development environment},
  author={Watteyne, Thomas and Vilajosana, Xavier and Kerkez, Branko and Chraim, Fabien and Weekly, Kevin and Wang, Qin and Glaser, Steven and Pister, Kris},
  journal={Transactions on Emerging Telecommunications Technologies},
  volume={23},
  number={5},
  pages={480--493},
  year={2012},
  publisher={Wiley Online Library}
}

@article{vilajosana2013realistic,
  title={A Realistic Energy Consumption Model for TSCH Networks},
  author={Vilajosana, Xavier and Wang, Qin and Chraim, Fabien and Watteyne, Thomas and Chang, Tengfei and Pister, Kris},
  year={2013},
  publisher={IEEE}
}

@techreport{PtolemyVol1:04,
   Author = {Brooks, C. and Lee, E. A. and Liu, X. and Neuendorffer, S. and Zhao, Y. and Zheng, H.},
   Title = {Heterogeneous Concurrent Modeling and Design in Java},
   Institution = {University of California},
   Number = {Technical Memorandum UCB/ERL M04/27},
   Month= {July 29},
   URL ={http://ptolemy.eecs.berkeley.edu/publications/papers/04/ptIIDesignIntro/},
   Year = {2004}
}

@article{lan2003part,
  title={Part 15.4: wireless medium access control (MAC) and physical layer (PHY) specifications for low-rate wireless personal area networks (LR-WPANs)},
  author={LAN/MAN Standards Committee and others},
  journal={IEEE Computer Society},
  year={2003}
}

@online{IEEE802.15.4e,
  title = {IEEE 802.15 WPAN Task Group 4e (TG4e)},
  year = 2012,
  url = {http://www.ieee802.org/15/pub/TG4e.html}
}