@techreport{davis1999overview,
  title={Overview of the Ptolemy project},
  author={Davis II, J and Goel, Mudit and Hylands, Chirstopher and Kienhuis, Bart and Lee, Edward A and Liu, Jie and Liu, Xiaojun and Muliadi, Lukito and Neuendorffer, Steve and Reekie, John and others},
  year={1999},
  institution={ERL Technical Report UCB/ERL}
}

@article{watteyne2012openwsn,
  title={OpenWSN: a standards-based low-power wireless development environment},
  author={Watteyne, Thomas and Vilajosana, Xavier and Kerkez, Branko and Chraim, Fabien and Weekly, Kevin and Wang, Qin and Glaser, Steven and Pister, Kris},
  journal={Transactions on Emerging Telecommunications Technologies},
  volume={23},
  number={5},
  pages={480--493},
  year={2012},
  publisher={Wiley Online Library}
}

@article{vilajosana2013realistic,
  title={A Realistic Energy Consumption Model for TSCH Networks},
  author={Vilajosana, Xavier and Wang, Qin and Chraim, Fabien and Watteyne, Thomas and Chang, Tengfei and Pister, Kris},
  year={2013},
  publisher={IEEE}
}